@online {mdn3dcd,
  author = {Belen Albeza, Chris Mills, Heather Bloomer},
  title = {3D collision detection},
  year = 2015,
  url = {https://developer.mozilla.org/en-US/docs/Games/Techniques/3D_collision_detection},
  urldate = {2017-06-23}
}

@online {wikibooks-motion-blur,
  author = {},
  title = {OpenGL Programming/Motion Blur},
  year = 2012,
  url = {https://en.wikibooks.org/wiki/OpenGL_Programming/Motion_Blur},
  urldate = {2017-06-23}
}

@online{shadow-map-learn-opengl,
  author = {Joey de Vries},
  title = {Shadow Map},
  url = {https://learnopengl.com/#!Advanced-Lighting/Shadows/Shadow-Mapping},
  urldate = {2017-06-23}
}

@online{texture-map-fn,
  author={Walter Milner},
  title={Textures and Blending},
  url={http://waltermilner.com/joglblogl/texblend.htm},
  urldate={2017-06-24}
}

@online{gl-tex-parameter,
  author={},
  title={glTexParameter},
  url={https://www.khronos.org/opengl/wiki/GLAPI/glTexParameter},
  urldate={2017-06-24}
}

@Book{interactive-computer-graphics,
 author    = "Edward {Angel}",
 title     = "Interactive Computer Graphics: A Top-Down Approach with shader-based OpenGL",
 publisher = "Pearson",
 year      =  2008,
 edition   = "Fifth Edition"
}

@online{smfl-docs,
  title = {Documentation of SFML 2.4.2},
  url = {https://www.sfml-dev.org/documentation/2.4.2/},
  urldate = {2017-06-25}
}