@online {mdn3dcd,
  author = {Belen Albeza, Chris Mills, Heather Bloomer},
  title = {3D collision detection},
  year = 2015,
  url = {https://developer.mozilla.org/en-US/docs/Games/Techniques/3D_collision_detection},
  urldate = {2017-06-23}
}

@online {wikibooks-motion-blur,
  author = {},
  title = {OpenGL Programming/Motion Blur},
  year = 2012,
  url = {https://en.wikibooks.org/wiki/OpenGL_Programming/Motion_Blur},
  urldate = {2017-06-23}
}

@online{shadow-map-learn-opengl,
  author = {Joey de Vries},
  title = {Shadow Map},
  url = {https://learnopengl.com/#!Advanced-Lighting/Shadows/Shadow-Mapping},
  urldate = {2017-06-23}
}

@online{texture-map-fn,
  author={Walter Milner},
  title={Textures and Blending},
  url={http://waltermilner.com/joglblogl/texblend.htm},
  urldate={2017-06-24}
}

@online{gl-tex-parameter,
  author={},
  title={glTexParameter},
  url={https://www.khronos.org/opengl/wiki/GLAPI/glTexParameter},
  urldate={2017-06-24}
}

@Book{interactive-computer-graphics,
 author    = "Edward {Angel}",
 title     = "Interactive Computer Graphics: A Top-Down Approach with shader-based OpenGL",
 publisher = "Pearson",
 year      =  2008,
 edition   = "Fifth Edition"
}

@online{smfl-docs,
  title = {Documentation of SFML 2.4.2},
  url = {https://www.sfml-dev.org/documentation/2.4.2/},
  urldate = {2017-06-25}
}

@online{nlohmann,
  title = {JSON},
  author = {Niels Lohmann},
  url = {https://github.com/nlohmann/json},
  urldate = {2017-07-23}
}

@online{skybox,
  title={Free Skybox Texture Set},
  author={Heiko Irrgang},
  url={https://93i.de/p/free-skybox-texture-set/},
  urldate={2017-07-23}
}

@article{texture-pixel,
 author = {Heckbert, Paul S},
 title = {Survey of Texture Mapping},
 journal = {IEEE Comput. Graph. Appl.},
 issue_date = {November 1986},
 volume = {6},
 number = {11},
 month = nov,
 year = {1986},
 issn = {0272-1716},
 pages = {56--67},
 numpages = {12},
 url = {http://dx.doi.org/10.1109/MCG.1986.276672},
 doi = {10.1109/MCG.1986.276672},
 acmid = {13027},
 publisher = {IEEE Computer Society Press},
 address = {Los Alamitos, CA, USA},
}

@manual{open-al,
    organization  = "Creative Technology",
    title         = "OpenAL 1.1 Specification and Reference",
    edition       = 1.1,
    year          = 2005,
    month         = 6
}
